@INPROCEEDINGS{fei-fei:caltech101,
    author = {L. Fei-Fei and R. Fergus and P. Perona},
    title = {Learning generative visual models from few training examples: an incremental Bayesian approach tested on 101 object categories},
  	booktitle = {CVPR, Workshop on Generative Model Based Vision},
	year = {2004}
}

@INPROCEEDINGS{nister:vocabtree,
    author = {David Nister and Henrik Stewenius},
    title = {Scalable Recognition with a Vocabulary Tree},
    booktitle = {Computer Vision and Pattern Recognition (CVPR)},
    year = {2006}
}

@article{flann1989study,
  title={A study of explanation-based methods for inductive learning},
  author={Flann, Nicholas S and Dietterich, Thomas G},
  journal={Machine Learning},
  volume={4},
  number={2},
  pages={187--226},
  year={1989},
  publisher={Springer}
}

@incollection{agrawal2008censure,
  title={Censure: Center surround extremas for realtime feature detection and matching},
  author={Agrawal, Motilal and Konolige, Kurt and Blas, Morten Rufus},
  booktitle={Computer Vision--ECCV 2008},
  pages={102--115},
  year={2008},
  publisher={Springer}
}

@inproceedings{muja2009fast,
  title={Fast approximate nearest neighbors with automatic algorithm configuration},
  author={Muja, Marius and Lowe, David G},
  booktitle={International Conference on Computer Vision Theory and Applications (VISSAPPâ€™09)},
  pages={331--340},
  year={2009}
}

@inproceedings{lowe1999object,
  title={Object recognition from local scale-invariant features},
  author={Lowe, David G},
  booktitle={Computer vision, 1999. The proceedings of the seventh IEEE international conference on},
  volume={2},
  pages={1150--1157},
  year={1999},
  organization={Ieee}
}
